
@online{GIGO,
    author = "",
    title = "Lumped-element model",
    url  = "https://en.wikipedia.org/wiki/Lumped-element_model",
    addendum = "",
    keywords = "latex,GIGO"
}

@online{HTTHERMO,
	author = "",
	title = "Heat-transfer-thermodynamics",
	url  = "https://heat-transfer-thermodynamics.blogspot.com/2016/06/fundamentals-of-thermal-resistance.html",
	addendum = "",
	keywords = ""
}

@online{FUND,
	author = "",
	title = "Fundamentals of thermal resistance",
	url  = "https://celsiainc.com/heat-sink-blog/fundamentals-of-thermal-resistance",
	addendum = "",
	keywords = ""
}


@online{OVERALL,
	author = "",
	title = "Overall heat transfer coefficient",
	url  = "https://www.engineeringtoolbox.com/overall-heat-transfer-coefficient-d_434.html",
	addendum = "",
	keywords = ""
}

@online{Radiators,
	ALTauthor = "The Engineeering Toolbox",
	title = "Heat Emission from Radiators and Heating Panels",
	url = "https://www.engineeringtoolbox.com/heat-emission-radiators-d_272.html"
}

@online{SURFREST,
	author = "",
	title = "Surface heat transfer coefficient",
	url  = "https://www.htflux.com/en/documentation/boundary-conditions/surface-resistance-heat-transfer-coefficient",
	addendum = "",
	keywords = ""
}


@online{ELECRESCOND,
	author = "",
	title = "Electrical resistivity and conductivity",
	url  = "https://en.wikipedia.org/wiki/Electrical_resistivity_and_conductivity",
	addendum = "",
	keywords = ""
}


@online{ISOL,
	author = "",
	title = "Het bouwbesluit over isolatie en rc waarde",
	url  = {https://www.isolatiemateriaal.nl/kenniscentrum/het-bouwbesluit-over-isolatie-en-rc-waarde},
	addendum = "",
	keywords = ""
}

@online{ISSO,
	author = "",
	title = "ISSO",
	url  = {https://v-1isso-1nl-1y6tawt2z0091.stcproxy.han.nl/q/9d67bdb7},
	addendum = "",
	keywords = ""
}

@online{VADEMECUM,
	ALTauthor = {author},
	ALTeditor = {editor},
	title = {EnergieVademecum Energy-conscious design of new-build homes},
	date = {date},
	url = {https://v-1isso-1nl-1y6tawt2z0091.stcproxy.han.nl/q/9d67bdb7/}
}

@online{RVALUE,
	author = "",
	title = "R-waarde",
	url  = {https://www.joostdevree.nl/shtmls/r-waarde.shtml},
	addendum = "",
	keywords = ""
}

@online{VOORBEELD,
	author = "",
	title = "Voorbeeldwoningen 2011",
	url  = {https://www.rvo.nl/onderwerpen/duurzaam-ondernemen/gebouwen/woningbouw/particuliere-woningen/voorbeeldwoningen},
	keywords = ""
}

@online{HeatLoss,
	ALTauthor = {author},
	ALTeditor = {editor},
	title = {Transmission Heat Loss through Building Elements},
	date = {date},
	url = {https://www.engineeringtoolbox.com/heat-loss-transmission-d_748.html}
}

@online{SolarHeat,
	ALTauthor = {author},
	ALTeditor = {editor},
	title = {Solar Heat Gain Coefficient},
	date = {date},
	url = {https://www.e-education.psu.edu/egee102/node/2019}
}


@online{Rwaarde,
	ALTauthor = {author},
	ALTeditor = {editor},
	title = {R-waarde},
	date = {date},
	url = {https://www.isover.nl/producten/mupan-facade}
}

@online{Benchmark1,
	ALTauthor = {author},
	ALTeditor = {editor},
	title = {Benchmark Energiegebruik- vergelijk uw gebouw},
	url = {https://www.energievastgoed.nl/benchmarktool/}
}


@online{Benchmark2,
	ALTauthor = {author},
	ALTeditor = {editor},
	title = {Benchmark energieverbruik gebouwen},
	url = {https://www.energievastgoed.nl/2017/02/14/benchmark-energieverbruik-gebouwen}
}


@report{ECN,
	author = {J.M. Sipma and M.D.A. Rietkerk},
	title = {Ontwikkeling energiekentallen utiliteitsgebouwen,Een analyse van 24 gebouwtypen in de dienstensector en 12 industriÃ«le sectoren},
	type = {type},
	institution = {ECN-E--15-068},
	date = {2016},
	OPTmonth = {January}
}


@online{LEX,
	ALTauthor = {author},
	ALTeditor = {editor},
	title = {eur-lex.europa.eu},
	date = {date},
	url = {https://eur-lex.europa.eu/legal-content/NL/TXT/HTML/?uri=CELEX:32013R0812&from=EN}
}


@online{VERORDENING,
	author = {{Europees Parlement}},
	title = {VERORDENING (EU) Nr. 814/2013 VAN DE COMMISSIE
	van 2 augustus 2013
	tot uitvoering van Richtlijn 2009/125/EG van het Europees Parlement en de Raad wat eisen inzake
	ecologisch ontwerp voor waterverwarmingstoestellen en warmwatertanks betreft},
	OPTmonth = {augustus},
	OPTyear = {2013},
	url = {https://eur-lex.europa.eu/legal-content/NL/TXT/?uri=CELEX:32013R0814}
}


@online{ISSO55,
	ALTauthor = {author},
	ALTeditor = {editor},
	title = {ISSO Publicatie 55},
	url = {KENNISBANK.ISSO.NL, ISSO-publicatie 55,  01-06-2013, ISBN: 978-90-5044-250-3},
}

@misc{NTA8800,
	ALTauthor = {author},
	ALTeditor = {editor},
	title = {Nederlandse technische afspraak, NTA 8800, , Vervangt NTA 8800:2019-06, ICS 91.120.10; 91.140.30, juli 2020},
    OPTsubtitle = {Energieprestatie van gebouwen - Bepalingsmethode},
    OPTmonth = {July},
    OPTyear = {2020}
}

@manual{Ecodesign,
	ALTauthor = {author},
	ALTeditor = {editor},
	title = {ECOdesign, meer dan een
	label, 20 TVVL Magazine | 03 | 2014 REGELGEVING}
}

@manual{NEN12831,
	ALTauthor = {author},
	ALTeditor = {editor},
	title = {NEN-EN 12831-3, Energy performance of buildings - Method for
	calculation of the design heat load - Part 3:
	Domestic hot water systems heat load and
	characterisation of needs, Module M8-2, M8-3},
	OPTorganization = {NEN}
}

@online{PYPL,
    author = "",
    title = "",
    url  = "http://pypl.github.io/PYPL.html",
    addendum = "",
    keywords = "PYPL,Python"
}


@inbook{knuth-fa,
    author = {Donald E. Knuth},
    title = "Fundamental Algorithms",
    publisher = "Addison-Wesley",
    year = "1973",
    chapter = "1.2",
    keywords  = "knuth,programming"
}


@misc{afjei1997compressor,
	title={Compressor heat pump including frost and cycle losses},
	author={Afjei, Thomas and Wetter, M},
	journal={ZTL},
	year={1997}
}

@misc{SO:PythonModuleShort,
	author = {{Anuj on Stack Overflow}},
	title = {How to write a Python module or package?},
	url = {https://stackoverflow.com/a/15747198/1386750},
	journal = {Stack Overflow},
	year = {2013},
	note = "Visited 2020-02-12"
}

@ONLINE{NEN5060,
	author = {{Nederlands Normalisatie-instituut}},
	title = "{Hygrothermische eigenschappen van gebouwen - Referentieklimaatgegevens}",
	year = {2008},
	journal = {Nederlandse norm},
	volume = 5060,
	url = {https://www.nen.nl/NEN-Shop/Norm/NEN-50602008-nl.htm},
	note = "Visited 2015-10-21"
}
