
@online{HeatTransfer,
	author = "Engineering Toolbox",
	title = {Overall Heat Transfer Coefficient},
	url= {https://www.engineeringtoolbox.com/overall-heat-transfer-coefficient-d_434.html}
}

@online{Heat_transfer_resistance,
	author = "",
	title = {Overall Heat Transfer Coefficient},
	url= {https://www.htflux.com/en/documentation/boundary-conditions/surface-resistance-heat-transfer-coefficient}
}

@online{Bouwbesluit,
	author = "",
	title = {Bouwbesluit over isolatie en de Rc-waarde},
	url= {https://www.isolatiemateriaal.nl/kenniscentrum/het-bouwbesluit-over-isolatie-en-rc-waarde}
}

@online{Vademecum,
	author = "ISSO",
	title = {EnergieVademecum Energy-conscious design of new-build homes},
	url= {https://v-1isso-1nl-1y6tawt2z0091.stcproxy.han.nl/q/9d67bdb7}
}

@online{Transmission,
	author = "",
	title = {Transmission Heat Loss through Building Elements},
	url= {https://www.engineeringtoolbox.com/heat-loss-transmission-d_748.html}
}

@online{Solar,
	author = "",
	title = {Solar Heat Gain Coefficient},
	url= {https://www.e-education.psu.edu/egee102/node/2019}
}

@online{VOORBEELD,
	author = "RVO",
	title = "Voorbeeldwoningen 2011",
	url  = {https://www.rvo.nl/onderwerpen/duurzaam-ondernemen/gebouwen/woningbouw/particuliere-woningen/voorbeeldwoningen},
	keywords = ""
}

@online{Rwaarde,
	author = "De Vree, J.",
	title = "R-waarde",
	url  = {https://www.joostdevree.nl/shtmls/r-waarde.shtml},
	keywords = ""
}

@online{Isover,
	author = "Isover",
	title = "R-waarde",
	url  = {https://www.isover.nl/producten/mupan-facade},
	keywords = ""
}

@online{GIGO,
    author = "Wikipedia",
    title = "Lumped-element model",
    url  = "https://en.wikipedia.org/wiki/Lumped-element_model",
    addendum = "",
    keywords = "latex,GIGO"
}

@online{PYPL,
    author = "",
    title = "",
    url  = "http://pypl.github.io/PYPL.html",
    addendum = "",
    keywords = "PYPL,Python"
}


@inbook{knuth-fa,
    author = "Donald E. Knuth",
    title = "Fundamental Algorithms",
    publisher = "Addison-Wesley",
    year = "1973",
    chapter = "1.2",
    keywords  = "knuth,programming"
}